@misc{planmelb,
  author       = {{Department of Transport and Planning}},
  title        = {{Plan Melbourne 2017-2050}},
  howpublished = {\url{https://www.planning.vic.gov.au/__data/assets/pdf_file/0025/654550/Plan_Melbourne_2017-2050_Strategy_.pdf}},
  year         = {2017}
}

@misc{recyclingvic,
  author       = {{Department of Environment, Land, Water and Planning}},
  title        = {{Recycling Victoria - A New Economy}},
  howpublished = {\url{https://www.vic.gov.au/victorias-plan-circular-economy}},
  year         = {2020}
}

@misc{swrrip,
  author       = {{Sustainability Victoria}},
  title        = {{Statewide Waste and Resource Recovery Infrastructure Plan}},
  howpublished = {\url{https://assets.sustainability.vic.gov.au/asset-download/Plan-Statewide-Waste-and-Resource-Recovery-Infrastructure-Plan-Victoria-2018.pdf}},
  year         = {2018}
}

@misc{mwrrip,
  author       = {{Metropolitan Waste and Resource Recovery Group}},
  title        = {{Metropolitan Waste and Resource Recovery Implementation Plan}},
  howpublished = {\url{https://assets.sustainability.vic.gov.au/susvic/RWRRIP-Metro-Waste-and-Resource-Recovery-Implementation-Plan-2016.pdf}},
  year         = {2016}
}

@misc{maryvaleefw,
  author       = {{Veolia Australia and New Zealand}},
  title        = {{Maryvale Energy from Waste Facility, Victoria}},
  howpublished = {\url{https://www.anz.veolia.com/our-facilities/energy-from-waste/maryvale}},
  year         = {2022}
}

@misc{vicwastemap,
  author       = {{Department of Energy, Environment and Climate Action}},
  title        = {{Victoria's waste and resource recovery infrastructure map}},
  howpublished = {\url{https://www.vic.gov.au/victorias-waste-and-resource-recovery-infrastructure-map}},
  year         = {2024}
}

@misc{caseyhph,
  author       = {{City of Casey}},
  title        = {{Hampton Park Hill Development Plan}},
  howpublished = {\url{https://conversations.casey.vic.gov.au/hampton-park-hill-initial-public-consultation/development-plan}},
  year         = {2023}
}

@misc{hubplan,
  author       = {{Metropolitan Waste and Resource Recovery Group}},
  title        = {{Hallam Road Waste and Resource Recovery Hub}},
  howpublished = {\url{https://hdp-au-prod-app-csy-conversations-files.s3.ap-southeast-2.amazonaws.com/1416/5715/1404/Hub_Plan_Hallam_Road_210121_FINAL_web.pdf}},
  year         = {2021}
}

@misc{outlook,
  author       = {{Veolia Australia and New Zealand}},
  title        = {{Hampton Park Outlook Transfer Station}},
  howpublished = {\url{https://www.anz.veolia.com/our-facilities/transfer-stations/hampton-park-outlook-transfer-station}},
  year         = {2024}
}

@misc{auditorgen,
  author       = {{Victorian Auditor-General's Office}},
  title        = {{Quality of Major Transport Infrastructure Project Business Cases}},
  howpublished = {\url{https://www.audit.vic.gov.au/report/quality-major-transport-infrastructure-project-business-cases}},
  year         = {2022}
}

@misc{semawp,
  author       = {{City of Casey}},
  title        = {{The future of waste in Casey}},
  howpublished = {\url{https://www.casey.vic.gov.au/future-of-waste-casey}},
  year         = {2024}
}


@misc{infraus,
  author       = {{Infrastructure Australia}},
  title        = {{Guide to Multi-Criteria Analysis}},
  howpublished = {\url{https://www.infrastructureaustralia.gov.au/guide-multi-criteria-analysis}},
  year         = {2021}
}

@misc{ims,
  author       = {{Department of Treasury And Finance}},
  title        = {{Facilitar Guidance and Templates}},
  howpublished = {\url{https://www.dtf.vic.gov.au/facilitator-guidance-and-templates}},
  year         = {2017}
}

@misc{vicgrid,
  author       = {{Department of Energy, Environment and Climate Action}},
  title        = {{VicGrid Offshore Wind Transmission - Draft Options Assessment Method}},
  howpublished = {\url{https://engage.vic.gov.au/download/document/32087}},
  year         = {2023}
}

@misc{lfginfo,
  author       = {{Environment Protection Authority}},
  title        = {{1479: Landfill gas fact sheet}},
  howpublished = {\url{https://www.epa.vic.gov.au/about-epa/publications/1479}},
  year         = {2012}
}

@misc{epaclosed,
  author       = {{Department of Environment, Land, Water and Planning}},
  title        = {{Local Government - Accounting for Landfills}},
  howpublished = {\url{https://www.localgovernment.vic.gov.au/__data/assets/pdf_file/0030/164955/Accounting-for-Landfills-2017.pdf}},
  year         = {2017}
}

@misc{epalandfill,
  author       = {{Environment Protection Authority}},
  title        = {{788.3: Siting, design, operation and rehabilitation of landfills}},
  howpublished = {\url{https://www.epa.vic.gov.au/about-epa/publications/788-3}},
  year         = {2015}
}

@misc{banksmeadow,
  author       = {{Veolia Australia and New Zealand}},
  title        = {{Annual Environmental Management Report - Banksmeadow Transfer Terminal}},
  howpublished = {\url{https://www.anz.veolia.com/sites/g/files/dvc2011/files/document/2018/01/AEMR_2016-2017.pdf}},
  year         = {2017}
}

% DEMOS AND TEMPLATES

@misc{urltemplate,
  author       = {{Author}},
  title        = {{Title}},
  howpublished = {\url{WebAddress}},
  year         = {20}
}

@book{booktemplate,
  author={Author},
  title={{Title}},
  year={20},
  publisher={Publisher},
  chapter={ChapterNum}
}

@book{bookdemo,
  title={Using Multivariate Statistics},
  author={Tabachnick, B.G. and Fidell, L.S.},
  year={2013},
  publisher={Pearson Education},
  chapter={4.1.5},
}

@misc{urldemo,
  author       = {{The Atlantic}},
  title        = {{How to Sex an Abalone: A Sea Snail's Story}},
  howpublished = {\url{https://www.theatlantic.com/health/archive/2010/03/how-to-sex-an-abalone-a-sea-snails-story/37198/}},
  year         = {2010},
  note         = {[Accessed on 28-11-2022]},
}


